<?xml version="1.0" encoding="UTF-8"?><collection xmlns="http://www.loc.gov/MARC21/slim"><record><leader>00373nam--2200121-i-4500</leader><controlfield tag="001">000000366</controlfield><controlfield tag="002">20161230</controlfield><controlfield tag="005">20161230201024</controlfield><controlfield tag="008">060222s1000------------r-----000-0-eng-d</controlfield><datafield ind1=" " ind2=" " tag="100"><subfield code="a">Gerthsen, Christian Und Pollerman, Max</subfield></datafield><datafield ind1=" " ind2=" " tag="245"><subfield code="a">Einfuhrung in das physikalische praktikum zum studium der physik als nebenfach.2-te auflage</subfield></datafield><datafield ind1=" " ind2=" " tag="260"><subfield code="a">Berlin, Springer.107 P</subfield></datafield><datafield ind1=" " ind2=" " tag="852"><subfield code="a">10508</subfield></datafield></record></collection>